<?xml version="1.0" encoding="UTF-8"?><record xmlns="http://www.loc.gov/MARC21/slim" xmlns:cinclude="http://apache.org/cocoon/include/1.0" xmlns:zs="http://www.loc.gov/zing/srw/">
  <leader>00452cz  a2200133n  4500</leader>
  <controlfield tag="001">n 2006053217</controlfield>
  <controlfield tag="003">DLC</controlfield>
  <controlfield tag="005">20060710142925.0</controlfield>
  <controlfield tag="008">060710n| acannaabn          |a aaa      </controlfield>
  <datafield tag="010" ind1=" " ind2=" ">
    <subfield code="a">n 2006053217</subfield>
  </datafield>
  <datafield tag="040" ind1=" " ind2=" ">
    <subfield code="a">DLC</subfield>
    <subfield code="b">eng</subfield>
    <subfield code="c">DLC</subfield>
  </datafield>
  <datafield tag="100" ind1="1" ind2=" ">
    <subfield code="a">Novoselova, I. I.</subfield>
    <subfield code="q">(Irina Igorʹevna)</subfield>
  </datafield>
  <datafield tag="400" ind1="1" ind2=" ">
    <subfield code="a">Novoselova, Irina Igorʹevna</subfield>
  </datafield>
  <datafield tag="670" ind1=" " ind2=" ">
    <subfield code="a">Sungurova, E. V. Valeologicheskai︠a︡ kulʹtura, 1999:</subfield>
    <subfield code="b">t.p. (I.I. Novoselova) p. [4] of cover (Novoselova, Irina Igorʹevna)</subfield>
  </datafield>
</record>